<?xml version="1.0" encoding="UTF-8"?><collection xmlns="http://www.loc.gov/MARC21/slim"><record><leader>00471nam--2200169-i-4500</leader><controlfield tag="001">000006374</controlfield><controlfield tag="002">20161230</controlfield><controlfield tag="005">20161230201026</controlfield><controlfield tag="008">060222s1000------------r-----000-0-eng-d</controlfield><datafield ind1=" " ind2=" " tag="040"><subfield code="a">IFIN-HH</subfield></datafield><datafield ind1=" " ind2=" " tag="080"><subfield code="a">539.16.04</subfield></datafield><datafield ind1="1" ind2=" " tag="100"><subfield code="a">Siegbahn, Kai</subfield></datafield><datafield ind1="1" ind2="0" tag="245"><subfield code="a">Beta- and gamma-ray spectroscopy</subfield><subfield code="c">Kai sieghahn (ed.)</subfield></datafield><datafield ind1=" " ind2=" " tag="260"><subfield code="a">Amsterdam</subfield><subfield code="b">North-holland Publishing Company</subfield><subfield code="c">1955</subfield></datafield><datafield ind1=" " ind2=" " tag="300"><subfield code="a">XXIII + 959P.CU FIG</subfield></datafield><datafield ind1=" " ind2=" " tag="852"><subfield code="a">10249</subfield><subfield code="c">539.163.2</subfield></datafield><datafield ind1=" " ind2=" " tag="CAT"><subfield code="a">Sys</subfield><subfield code="c">20120326</subfield><subfield code="h">120152</subfield></datafield></record></collection>